<?xml version="1.0" encoding="UTF-8"?><record xmlns="http://www.loc.gov/MARC21/slim" xmlns:cinclude="http://apache.org/cocoon/include/1.0" xmlns:zs="http://www.loc.gov/zing/srw/">
  <leader>00679nz  a2200157n  4500</leader>
  <controlfield tag="001">no2009013393</controlfield>
  <controlfield tag="003">DLC</controlfield>
  <controlfield tag="005">20090131082430.0</controlfield>
  <controlfield tag="008">090129n| acannaabn          |a aaa     c</controlfield>
  <datafield tag="010" ind1=" " ind2=" ">
    <subfield code="a">no2009013393</subfield>
  </datafield>
  <datafield tag="035" ind1=" " ind2=" ">
    <subfield code="a">(OCoLC)oca07999352</subfield>
  </datafield>
  <datafield tag="040" ind1=" " ind2=" ">
    <subfield code="a">MoSU-L</subfield>
    <subfield code="b">eng</subfield>
    <subfield code="c">MoSU-L</subfield>
  </datafield>
  <datafield tag="100" ind1="1" ind2=" ">
    <subfield code="a">Shoemaker, Lazarus Denison,</subfield>
    <subfield code="d">1819-1893</subfield>
  </datafield>
  <datafield tag="400" ind1="1" ind2=" ">
    <subfield code="a">Shoemaker,</subfield>
    <subfield code="c">Mr.</subfield>
    <subfield code="q">(Lazarus Denison),</subfield>
    <subfield code="d">1819-1893</subfield>
  </datafield>
  <datafield tag="670" ind1=" " ind2=" ">
    <subfield code="a">District and circuit courts Northern District of Pennsylvania, 1873:</subfield>
    <subfield code="b">p. 1 (Mr. Shoemaker, from the Committee on the Judiciary)</subfield>
  </datafield>
  <datafield tag="670" ind1=" " ind2=" ">
    <subfield code="a">Biog. dir. of the U.S. Cong. online, viewed Jan. 29, 2009</subfield>
    <subfield code="b">(Shoemaker, Lazarus Denison, a Representative from Penn.; b. Nov. 5, 1819; d. Sept. 9, 1893)</subfield>
  </datafield>
</record>